
    <record>
  <controlfield tag="001">22547</controlfield>
  <controlfield tag="005">20250320155415.0</controlfield>
  <datafield tag="024" ind1="8" ind2="0">
    <subfield code="a">BANC PIC 1963.002:1871--OBJ</subfield>
  </datafield>
  <datafield tag="035" ind1=" " ind2=" ">
    <subfield code="a">honeyman_cubanc_37_1_00030066</subfield>
  </datafield>
  <datafield tag="245" ind1=" " ind2=" ">
    <subfield code="a">[Pleasures of bathing in the Sacramento River, California (plate)]</subfield>
  </datafield>
  <datafield tag="260" ind1=" " ind2=" ">
    <subfield code="c">ca. 1850</subfield>
  </datafield>
  <datafield tag="300" ind1=" " ind2=" ">
    <subfield code="a">21.2 x 21.2 cm., diameter</subfield>
  </datafield>
  <datafield tag="300" ind1=" " ind2=" ">
    <subfield code="b">print on porcelain plate: engraving</subfield>
  </datafield>
  <datafield tag="336" ind1=" " ind2=" ">
    <subfield code="a">Image</subfield>
  </datafield>
  <datafield tag="500" ind1=" " ind2=" ">
    <subfield code="a">Notes/Inscriptions:Printed title (LC): Plaisirs du bain dans le Sacramento. Printed (LC, above title): No. 6. Manufacturer's stamp (on verso): Creil et Montereau/Porcel Opaque. L.M. &amp; Cie. Medailles d'or 1834, 39, 44, et 49. Inscriptions in French.</subfield>
  </datafield>
  <datafield tag="500" ind1=" " ind2=" ">
    <subfield code="3">marks</subfield>
    <subfield code="a">Printed title (LC): Plaisirs du bain dans le Sacramento. Printed (LC, above title): No. 6. Manufacturer's stamp (on verso): Creil et Montereau/Porcel Opaque. L.M. &amp; Cie. Medailles d'or 1834, 39, 44, et 49. Inscriptions in French.</subfield>
  </datafield>
  <datafield tag="520" ind1=" " ind2=" ">
    <subfield code="a">Content/Description:Man in bathing trunks surprised by alligator as he wades into river; figure in mouth of alligator in distance; tropical foliage.</subfield>
  </datafield>
  <datafield tag="540" ind1=" " ind2=" ">
    <subfield code="a">Researchers may make free and open use of the UC Berkeley Library’s digitized public domain materials. However, some materials in our online collections may be protected by U.S. copyright law (Title 17, U.S.C.). Use or reproduction of materials protected by copyright beyond that allowed by fair use (Title 17, U.S.C. § 107) requires permission from the copyright owners. The use or reproduction of some materials may also be restricted by terms of University of California gift or purchase agreements, privacy and publicity rights, or trademark law. Responsibility for determining rights status and permissibility of any use or reproduction rests exclusively with the researcher. To learn more or make inquiries, please see our permissions policies (https://www.lib.berkeley.edu/about/permissions-policies).</subfield>
  </datafield>
  <datafield tag="650" ind1=" " ind2=" ">
    <subfield code="a">California, Northern</subfield>
  </datafield>
  <datafield tag="650" ind1=" " ind2=" ">
    <subfield code="a">Rivers</subfield>
  </datafield>
  <datafield tag="650" ind1=" " ind2=" ">
    <subfield code="a">Manners &amp; customs</subfield>
  </datafield>
  <datafield tag="650" ind1=" " ind2=" ">
    <subfield code="a">Sacramento (Calif.)</subfield>
  </datafield>
  <datafield tag="650" ind1=" " ind2=" ">
    <subfield code="a">Animals</subfield>
  </datafield>
  <datafield tag="655" ind1=" " ind2=" ">
    <subfield code="a">Engravings</subfield>
  </datafield>
  <datafield tag="655" ind1=" " ind2=" ">
    <subfield code="a">Artifacts;</subfield>
    <subfield code="2">aat</subfield>
  </datafield>
  <datafield tag="700" ind1="1" ind2=" ">
    <subfield code="a">Lanz, active ca. 1850, French?, artist, attributed to,</subfield>
  </datafield>
  <datafield tag="852" ind1=" " ind2=" ">
    <subfield code="c">The Bancroft Library</subfield>
  </datafield>
  <datafield tag="856" ind1="4" ind2="1">
    <subfield code="u">http://www.oac.cdlib.org/findaid/ark:/13030/tf9p3012wq</subfield>
    <subfield code="y">View collection guide</subfield>
  </datafield>
  <datafield tag="856" ind1="4" ind2=" ">
    <subfield code="9">795af1c1-c23d-4707-b49d-90c24cdc9ee9</subfield>
    <subfield code="s">300864</subfield>
    <subfield code="u">https://digicoll.lib.berkeley.edu/record/22547/files/HN002948aA.jpg</subfield>
  </datafield>
  <datafield tag="901" ind1=" " ind2=" ">
    <subfield code="a">ark:/13030/tf2t1nb4hb</subfield>
    <subfield code="f">ark:/13030/tf9p3012wq</subfield>
    <subfield code="g">37:1</subfield>
  </datafield>
  <datafield tag="902" ind1=" " ind2=" ">
    <subfield code="f">cubanc_37_1_00030066.xml</subfield>
  </datafield>
  <datafield tag="909" ind1="C" ind2="O">
    <subfield code="o">oai:digicoll.lib.berkeley.edu:22547</subfield>
    <subfield code="p">sfg</subfield>
    <subfield code="q">mcleanCalisphere_oai</subfield>
  </datafield>
  <datafield tag="951" ind1=" " ind2=" ">
    <subfield code="a">ark:/13030/tf2t1nb4hb</subfield>
    <subfield code="b">Merritt</subfield>
  </datafield>
  <datafield tag="980" ind1=" " ind2=" ">
    <subfield code="a">Honeyman (Robert B., Jr.)</subfield>
  </datafield>
  <datafield tag="982" ind1=" " ind2=" ">
    <subfield code="a">Honeyman (Robert B., Jr.)</subfield>
    <subfield code="b">Robert B. Honeyman, Jr. Collection of Early Californian and Western American Pictorial Material</subfield>
  </datafield>
</record>