
    <record>
  <controlfield tag="001">43982</controlfield>
  <controlfield tag="005">20250429141539.0</controlfield>
  <datafield tag="024" ind1="8" ind2="0">
    <subfield code="a">BANC PIC 1992.034:Album 2:033--ALB</subfield>
  </datafield>
  <datafield tag="035" ind1=" " ind2=" ">
    <subfield code="a">calher_cubanc_25_127_00171277</subfield>
  </datafield>
  <datafield tag="245" ind1=" " ind2=" ">
    <subfield code="a">The Simple Alligator Rider in Court of Pacifica</subfield>
  </datafield>
  <datafield tag="260" ind1=" " ind2=" ">
    <subfield code="c">May 7, 1939</subfield>
  </datafield>
  <datafield tag="336" ind1=" " ind2=" ">
    <subfield code="a">Image</subfield>
  </datafield>
  <datafield tag="540" ind1=" " ind2=" ">
    <subfield code="a">Researchers may make free and open use of the UC Berkeley Library’s digitized public domain materials. However, some materials in our online collections may be protected by U.S. copyright law (Title 17, U.S.C.). Use or reproduction of materials protected by copyright beyond that allowed by fair use (Title 17, U.S.C. § 107) requires permission from the copyright owners. The use or reproduction of some materials may also be restricted by terms of University of California gift or purchase agreements, privacy and publicity rights, or trademark law. Responsibility for determining rights status and permissibility of any use or reproduction rests exclusively with the researcher. To learn more or make inquiries, please see our permissions policies (https://www.lib.berkeley.edu/about/permissions-policies).</subfield>
  </datafield>
  <datafield tag="852" ind1=" " ind2=" ">
    <subfield code="c">The Bancroft Library</subfield>
  </datafield>
  <datafield tag="856" ind1="4" ind2="1">
    <subfield code="u">http://www.oac.cdlib.org/findaid/ark:/13030/tf2h4nb66p</subfield>
    <subfield code="y">View collection guide</subfield>
  </datafield>
  <datafield tag="856" ind1="4" ind2=" ">
    <subfield code="9">2a18ab89-a1a3-4251-a09f-0eb21b25b87d</subfield>
    <subfield code="s">176853</subfield>
    <subfield code="u">https://digicoll.lib.berkeley.edu/record/43982/files/I0017752A.jpg</subfield>
  </datafield>
  <datafield tag="901" ind1=" " ind2=" ">
    <subfield code="a">ark:/13030/tf0t1nb49m</subfield>
    <subfield code="f">ark:/13030/tf2h4nb66p</subfield>
    <subfield code="g">25:127</subfield>
  </datafield>
  <datafield tag="902" ind1=" " ind2=" ">
    <subfield code="f">cubanc_25_127_00171277.xml</subfield>
  </datafield>
  <datafield tag="909" ind1="C" ind2="O">
    <subfield code="o">oai:digicoll.lib.berkeley.edu:43982</subfield>
    <subfield code="p">calher:snapshooting</subfield>
    <subfield code="p">sfg</subfield>
    <subfield code="q">mcleanCalisphere_oai</subfield>
  </datafield>
  <datafield tag="980" ind1=" " ind2=" ">
    <subfield code="a">CalHer: Snap Shooting</subfield>
  </datafield>
  <datafield tag="982" ind1=" " ind2=" ">
    <subfield code="a">Golden Gate International Exposition</subfield>
    <subfield code="b">Snap Shooting Around the Golden Gate International Exposition</subfield>
  </datafield>
</record>