
    <record>
  <controlfield tag="001">46588</controlfield>
  <controlfield tag="005">20250429141950.0</controlfield>
  <datafield tag="024" ind1="8" ind2="0">
    <subfield code="a">BANC PIC 19xx.117:126--ffALB</subfield>
  </datafield>
  <datafield tag="035" ind1=" " ind2=" ">
    <subfield code="a">pictman_cubanc_79_37_00220082</subfield>
  </datafield>
  <datafield tag="245" ind1=" " ind2=" ">
    <subfield code="a">Cochlearius cochlearius. Boat-billed Heron.</subfield>
  </datafield>
  <datafield tag="336" ind1=" " ind2=" ">
    <subfield code="a">Image</subfield>
  </datafield>
  <datafield tag="520" ind1=" " ind2=" ">
    <subfield code="a">"Floating Water Plants" --Individual on a lichen-covered branch beside a river; an Anhinga sits on a branch in the background while an alligator suns himself on the bank.</subfield>
  </datafield>
  <datafield tag="540" ind1=" " ind2=" ">
    <subfield code="a">Researchers may make free and open use of the UC Berkeley Library’s digitized public domain materials. However, some materials in our online collections may be protected by U.S. copyright law (Title 17, U.S.C.). Use or reproduction of materials protected by copyright beyond that allowed by fair use (Title 17, U.S.C. § 107) requires permission from the copyright owners. The use or reproduction of some materials may also be restricted by terms of University of California gift or purchase agreements, privacy and publicity rights, or trademark law. Responsibility for determining rights status and permissibility of any use or reproduction rests exclusively with the researcher. To learn more or make inquiries, please see our permissions policies (https://www.lib.berkeley.edu/about/permissions-policies).</subfield>
  </datafield>
  <datafield tag="852" ind1=" " ind2=" ">
    <subfield code="c">The Bancroft Library</subfield>
  </datafield>
  <datafield tag="856" ind1="4" ind2=" ">
    <subfield code="9">1dc0e473-3895-484e-a238-187c54d420a0</subfield>
    <subfield code="s">417023</subfield>
    <subfield code="u">https://digicoll.lib.berkeley.edu/record/46588/files/brk00006211_24a_k.jpg</subfield>
  </datafield>
  <datafield tag="901" ind1=" " ind2=" ">
    <subfield code="a">ark:/13030/k6g44x35</subfield>
    <subfield code="g">79:37</subfield>
  </datafield>
  <datafield tag="902" ind1=" " ind2=" ">
    <subfield code="f">cubanc_79_37_00220082.xml</subfield>
  </datafield>
  <datafield tag="909" ind1="C" ind2="O">
    <subfield code="o">oai:digicoll.lib.berkeley.edu:46588</subfield>
    <subfield code="p">pictman:pacificslopebirds</subfield>
    <subfield code="p">sfg</subfield>
    <subfield code="q">mcleanCalisphere_oai</subfield>
  </datafield>
  <datafield tag="980" ind1=" " ind2=" ">
    <subfield code="a">Pictman: Pacific Slope Birds</subfield>
  </datafield>
  <datafield tag="982" ind1=" " ind2=" ">
    <subfield code="a">Birds of the Pacific Slope</subfield>
    <subfield code="b">Watercolors of Birds of the Pacific Slope. 1853-1869</subfield>
  </datafield>
</record>