
    <record>
  <controlfield tag="001">83845</controlfield>
  <controlfield tag="005">20250429161023.0</controlfield>
  <datafield tag="035" ind1=" " ind2=" ">
    <subfield code="a">anthropub_cuanth_66_1_00127506</subfield>
  </datafield>
  <datafield tag="041" ind1=" " ind2=" ">
    <subfield code="a">eng</subfield>
  </datafield>
  <datafield tag="245" ind1=" " ind2=" ">
    <subfield code="a">Alligators in the Swamp: Field Problems and Training Issues in Contemporary Anthropology</subfield>
  </datafield>
  <datafield tag="260" ind1=" " ind2=" ">
    <subfield code="c">1979</subfield>
  </datafield>
  <datafield tag="269" ind1=" " ind2=" ">
    <subfield code="a">1979</subfield>
  </datafield>
  <datafield tag="300" ind1=" " ind2=" ">
    <subfield code="a">p.76-81</subfield>
  </datafield>
  <datafield tag="336" ind1=" " ind2=" ">
    <subfield code="a">Text</subfield>
  </datafield>
  <datafield tag="540" ind1=" " ind2=" ">
    <subfield code="a">Researchers may make free and open use of the UC Berkeley Library’s digitized public domain materials. However, some materials in our online collections may be protected by U.S. copyright law (Title 17, U.S.C.). Use or reproduction of materials protected by copyright beyond that allowed by fair use (Title 17, U.S.C. § 107) requires permission from the copyright owners. The use or reproduction of some materials may also be restricted by terms of University of California gift or purchase agreements, privacy and publicity rights, or trademark law. Responsibility for determining rights status and permissibility of any use or reproduction rests exclusively with the researcher. To learn more or make inquiries, please see our permissions policies (https://www.lib.berkeley.edu/about/permissions-policies).
</subfield>
  </datafield>
  <datafield tag="542" ind1=" " ind2=" ">
    <subfield code="f">Some materials in these collections may be protected by the U.S. Copyright Law (Title 17, U.S.C.). In addition, the reproduction of some materials may be restricted by terms of University of California gift or purchase agreements, donor restrictions, privacy and publicity rights, licensing and trademarks. Transmission or reproduction of materials protected by copyright beyond that allowed by fair use requires the written permission of the copyright owners. Works not in the public domain cannot be commercially exploited without permission of the copyright owner. Responsibility for any use rests exclusively with the user.</subfield>
  </datafield>
  <datafield tag="650" ind1=" " ind2=" ">
    <subfield code="a">Anthropology--Aim and scope</subfield>
  </datafield>
  <datafield tag="650" ind1=" " ind2=" ">
    <subfield code="a">Anthropology--Applied</subfield>
  </datafield>
  <datafield tag="655" ind1=" " ind2=" ">
    <subfield code="a">Article</subfield>
  </datafield>
  <datafield tag="700" ind1="1" ind2=" ">
    <subfield code="a">Haynes, Terry L.</subfield>
    <subfield code="e">Creator</subfield>
  </datafield>
  <datafield tag="773" ind1=" " ind2=" ">
    <subfield code="t">Kroeber Anthropological Society Papers 59-60 :8</subfield>
  </datafield>
  <datafield tag="803" ind1=" " ind2=" ">
    <subfield code="t">Kroeber Anthropological Society Papers 59-60:8</subfield>
  </datafield>
  <datafield tag="852" ind1=" " ind2=" ">
    <subfield code="c">Anthropology Library</subfield>
  </datafield>
  <datafield tag="856" ind1="4" ind2=" ">
    <subfield code="9">e56e450a-66a2-47c3-adc0-9e59a138c3f1</subfield>
    <subfield code="s">683843</subfield>
    <subfield code="u">https://digicoll.lib.berkeley.edu/record/83845/files/kas059_060-008.pdf</subfield>
  </datafield>
  <datafield tag="901" ind1=" " ind2=" ">
    <subfield code="a">ark:/28722/bk001878q81</subfield>
    <subfield code="g">66:1</subfield>
  </datafield>
  <datafield tag="902" ind1=" " ind2=" ">
    <subfield code="f">cuanth_66_1_00127506.xml</subfield>
  </datafield>
  <datafield tag="909" ind1="C" ind2="O">
    <subfield code="o">oai:digicoll.lib.berkeley.edu:83845</subfield>
    <subfield code="p">sfg</subfield>
    <subfield code="p">anthrohub:kroeberanthropologicalpapers</subfield>
    <subfield code="q">mcleanCalisphere_oai</subfield>
    <subfield code="q">anthropub</subfield>
  </datafield>
  <datafield tag="980" ind1=" " ind2=" ">
    <subfield code="a">anthrohub: Kroeber Anthropological Papers</subfield>
  </datafield>
  <datafield tag="982" ind1=" " ind2=" ">
    <subfield code="a">Kroeber Anthropological Society Papers</subfield>
    <subfield code="b">Kroeber Anthropological Society Papers</subfield>
    <subfield code="p">AnthroHub</subfield>
  </datafield>
</record>