
    <record>
  <controlfield tag="001">180098</controlfield>
  <controlfield tag="005">20250429181352.0</controlfield>
  <datafield tag="024" ind1="8" ind2="0">
    <subfield code="a">No. 137:520-521</subfield>
  </datafield>
  <datafield tag="035" ind1=" " ind2=" ">
    <subfield code="a">cic_cubanc_47_1_00053671</subfield>
  </datafield>
  <datafield tag="245" ind1=" " ind2=" ">
    <subfield code="a">"Reason Why the Anti-Coolie Bill Had No Effect"</subfield>
  </datafield>
  <datafield tag="336" ind1=" " ind2=" ">
    <subfield code="a">Image</subfield>
  </datafield>
  <datafield tag="500" ind1=" " ind2=" ">
    <subfield code="a">Related Item: Sentiment concerning the Chinese: Illustrations from Periodicals; The Bancroft Library; v. 3, Aug.1878- July 1879</subfield>
  </datafield>
  <datafield tag="520" ind1=" " ind2=" ">
    <subfield code="a">Content/DescriptionHayes being prevented from saving Western States from alligator of Coolie Immigration by Burlingame Treay, Spain, H.W.B., Talmrge, and Puritan Demoges.</subfield>
  </datafield>
  <datafield tag="540" ind1=" " ind2=" ">
    <subfield code="a">Researchers may make free and open use of the UC Berkeley Library’s digitized public domain materials. However, some materials in our online collections may be protected by U.S. copyright law (Title 17, U.S.C.). Use or reproduction of materials protected by copyright beyond that allowed by fair use (Title 17, U.S.C. § 107) requires permission from the copyright owners. The use or reproduction of some materials may also be restricted by terms of University of California gift or purchase agreements, privacy and publicity rights, or trademark law. Responsibility for determining rights status and permissibility of any use or reproduction rests exclusively with the researcher. To learn more or make inquiries, please see our permissions policies (https://www.lib.berkeley.edu/about/permissions-policies).</subfield>
  </datafield>
  <datafield tag="600" ind1=" " ind2=" ">
    <subfield code="a">Hayes, Rutherford Birchard, -- 1822-1893.</subfield>
  </datafield>
  <datafield tag="650" ind1=" " ind2=" ">
    <subfield code="a">Chinese -- United States -- Legal status, laws, etc.</subfield>
  </datafield>
  <datafield tag="650" ind1=" " ind2=" ">
    <subfield code="a">Caricature and cartoons.</subfield>
  </datafield>
  <datafield tag="650" ind1=" " ind2=" ">
    <subfield code="a">China -- Emigration and immigration -- Pictorial works.</subfield>
  </datafield>
  <datafield tag="651" ind1=" " ind2=" ">
    <subfield code="a">United States -- Politics and government.</subfield>
  </datafield>
  <datafield tag="852" ind1=" " ind2=" ">
    <subfield code="c">The Bancroft Library</subfield>
  </datafield>
  <datafield tag="856" ind1="4" ind2="1">
    <subfield code="u">http://www.oac.cdlib.org/findaid/ark:/13030/kt5p3019m2/</subfield>
    <subfield code="y">View collection guide</subfield>
  </datafield>
  <datafield tag="856" ind1="4" ind2=" ">
    <subfield code="9">a39f2249-240f-4075-8c26-ca4e6b6bebe9</subfield>
    <subfield code="s">373110</subfield>
    <subfield code="u">https://digicoll.lib.berkeley.edu/record/180098/files/brk00001416_16a_k.jpg</subfield>
  </datafield>
  <datafield tag="901" ind1=" " ind2=" ">
    <subfield code="a">ark:/13030/hb1w1001fw</subfield>
    <subfield code="g">47:1</subfield>
  </datafield>
  <datafield tag="902" ind1=" " ind2=" ">
    <subfield code="n">DZ</subfield>
    <subfield code="d">2020-10-28 16:42:12</subfield>
  </datafield>
  <datafield tag="902" ind1=" " ind2=" ">
    <subfield code="f">cubanc_47_1_00053671.xml</subfield>
  </datafield>
  <datafield tag="909" ind1="C" ind2="O">
    <subfield code="o">oai:digicoll.lib.berkeley.edu:180098</subfield>
    <subfield code="p">sfg</subfield>
    <subfield code="p">cic</subfield>
    <subfield code="q">mcleanCalisphere_oai</subfield>
  </datafield>
  <datafield tag="951" ind1=" " ind2=" ">
    <subfield code="a">ark:/28722/bk000542p07</subfield>
    <subfield code="b">Merritt</subfield>
  </datafield>
  <datafield tag="980" ind1=" " ind2=" ">
    <subfield code="a">CIC</subfield>
  </datafield>
  <datafield tag="982" ind1=" " ind2=" ">
    <subfield code="a">Chinese in California</subfield>
    <subfield code="b">Chinese in California, 1850-1925</subfield>
  </datafield>
</record>