
    <record>
  <controlfield tag="001">218084</controlfield>
  <controlfield tag="005">20250321021520.0</controlfield>
  <datafield tag="035" ind1=" " ind2=" ">
    <subfield code="a">(ohc)1063</subfield>
  </datafield>
  <datafield tag="041" ind1=" " ind2=" ">
    <subfield code="a">eng</subfield>
  </datafield>
  <datafield tag="245" ind1=" " ind2=" ">
    <subfield code="a">Robert Shoemaker: Metallurgical Engineer: Union Carbide, Bechtel, San Francisco Mining Associates; Metallurgical Consultant, 1953 to 2000</subfield>
  </datafield>
  <datafield tag="260" ind1=" " ind2=" ">
    <subfield code="a">Berkeley, CA</subfield>
    <subfield code="b">Regional Oral History Office</subfield>
    <subfield code="c">2001</subfield>
  </datafield>
  <datafield tag="269" ind1=" " ind2=" ">
    <subfield code="a">2001</subfield>
  </datafield>
  <datafield tag="336" ind1=" " ind2=" ">
    <subfield code="a">Text</subfield>
  </datafield>
  <datafield tag="500" ind1=" " ind2=" ">
    <subfield code="a">Shoemaker, Robert. "Robert Shoemaker: Metallurgical Engineer: Union Carbide, Bechtel, San Francisco Mining Associates; Metallurgical Consultant, 1953 to 2000." Interview by Eleanor Swent in 1999 and 2000. Oral History Center, The Bancroft Library, University of California, Berkeley, 2001.</subfield>
  </datafield>
  <datafield tag="500" ind1=" " ind2=" ">
    <subfield code="a">Interview date(s) 1999</subfield>
  </datafield>
  <datafield tag="520" ind1=" " ind2=" ">
    <subfield code="a">Education, Oregon State University, University of Wisconsin; Union Carbide Co., mineral processing research, solving materials, handling, radiation, viscosity problems; 1962-1981: Bechtel Engineers, chief metallurgical engineer, plant design and construction, plannng for startup, designing for environmental protection; Alberta tar sands; Palabora gyratory crusher failure; Carlin, Nevada, carbon-in-pulp recovery process; Alligator Ridge, Candelaria, heap leach; electrolytic, grinding problems solved; 1981-2000: independent consulting, expert witness; discusses working in Kazakhstan, Congo, Indonesia, Brazil, Australia, Venezuela, Chile, South Africa, bribery, theft, fraud in mining enterprise. Volume also contains indexed Shoemaker memoir.</subfield>
  </datafield>
  <datafield tag="540" ind1=" " ind2=" ">
    <subfield code="a">Researchers may make free and open use of the UC Berkeley Library’s digitized public domain materials. However, some materials in our online collections may be protected by U.S. copyright law (Title 17, U.S.C.). Use or reproduction of materials protected by copyright beyond that allowed by fair use (Title 17, U.S.C. § 107) requires permission from the copyright owners. The use or reproduction of some materials may also be restricted by terms of University of California gift or purchase agreements, privacy and publicity rights, or trademark law. Responsibility for determining rights status and permissibility of any use or reproduction rests exclusively with the researcher. To learn more or make inquiries, please see our permissions policies (https://www.lib.berkeley.edu/visit/bancroft/oral-history-center/projects?section=permissions).</subfield>
  </datafield>
  <datafield tag="650" ind1=" " ind2=" ">
    <subfield code="a">Science, Technology, and Health</subfield>
  </datafield>
  <datafield tag="650" ind1=" " ind2=" ">
    <subfield code="a">Commerce and Industry</subfield>
  </datafield>
  <datafield tag="650" ind1=" " ind2=" ">
    <subfield code="a">Natural Resources, Land Use, and the Environment</subfield>
  </datafield>
  <datafield tag="655" ind1=" " ind2=" ">
    <subfield code="a">Oral histories.</subfield>
  </datafield>
  <datafield tag="700" ind1="1" ind2=" ">
    <subfield code="a">Shoemaker, Robert</subfield>
    <subfield code="e">interviewee</subfield>
  </datafield>
  <datafield tag="700" ind1="1" ind2=" ">
    <subfield code="a">Swent, Eleanor</subfield>
    <subfield code="e">interviewer</subfield>
  </datafield>
  <datafield tag="852" ind1=" " ind2=" ">
    <subfield code="c">The Bancroft Library Oral History Center</subfield>
  </datafield>
  <datafield tag="856" ind1="4" ind2=" ">
    <subfield code="9">3bd81be1-3796-4993-945e-e916b2876091</subfield>
    <subfield code="s">17879223</subfield>
    <subfield code="u">https://digicoll.lib.berkeley.edu/record/218084/files/metallurgicalsho00roberich.pdf</subfield>
  </datafield>
  <datafield tag="856" ind1="4" ind2="2">
    <subfield code="u">http://content.cdlib.org/ark:/13030/kt0f59n4d4/</subfield>
    <subfield code="y">View on Calisphere</subfield>
  </datafield>
  <datafield tag="856" ind1="4" ind2="0">
    <subfield code="u">http://oskicat.berkeley.edu/record=b10763583</subfield>
    <subfield code="y">View library catalog record</subfield>
  </datafield>
  <datafield tag="856" ind1="4" ind2="1">
    <subfield code="u">https://www.lib.berkeley.edu/visit/bancroft/oral-history-center/projects/western-mining</subfield>
    <subfield code="y">Project website</subfield>
  </datafield>
  <datafield tag="856" ind1="4" ind2="1">
    <subfield code="u">https://search.library.berkeley.edu/permalink/01UCS_BER/1thfj9n/alma991025841419706532</subfield>
    <subfield code="y">View library catalog record</subfield>
  </datafield>
  <datafield tag="901" ind1=" " ind2=" ">
    <subfield code="m">b10763583</subfield>
  </datafield>
  <datafield tag="901" ind1=" " ind2=" ">
    <subfield code="m">991025841419706532</subfield>
  </datafield>
  <datafield tag="902" ind1=" " ind2=" ">
    <subfield code="d">2021-02-19</subfield>
    <subfield code="n">SMS</subfield>
  </datafield>
  <datafield tag="909" ind1="C" ind2="O">
    <subfield code="o">oai:digicoll.lib.berkeley.edu:218084</subfield>
    <subfield code="p">ohc</subfield>
    <subfield code="p">ohc_980</subfield>
    <subfield code="p">sfg</subfield>
    <subfield code="q">mcleanCalisphere_oai</subfield>
  </datafield>
  <datafield tag="980" ind1=" " ind2=" ">
    <subfield code="a">OHC: Western Mining</subfield>
  </datafield>
  <datafield tag="982" ind1=" " ind2=" ">
    <subfield code="a">Western Mining Oral Histories</subfield>
    <subfield code="b">Western Mining Oral Histories</subfield>
  </datafield>
</record>