
    <record>
  <controlfield tag="001">267066</controlfield>
  <controlfield tag="005">20250429195644.0</controlfield>
  <datafield tag="024" ind1="8" ind2="0">
    <subfield code="a">BANC PIC 2015.013:13087.5--ffALB</subfield>
  </datafield>
  <datafield tag="035" ind1=" " ind2=" ">
    <subfield code="a">cubanc_79_59_01260140a</subfield>
  </datafield>
  <datafield tag="245" ind1=" " ind2=" ">
    <subfield code="a">[Joe's Alligator Circus Farm.]</subfield>
  </datafield>
  <datafield tag="260" ind1=" " ind2=" ">
    <subfield code="a">[San Francisco]</subfield>
    <subfield code="c">[approximately 1914-1925]</subfield>
  </datafield>
  <datafield tag="336" ind1=" " ind2=" ">
    <subfield code="a">Image</subfield>
  </datafield>
  <datafield tag="540" ind1=" " ind2=" ">
    <subfield code="a">Researchers may make free and open use of the UC Berkeley Library’s digitized public domain materials. However, some materials in our online collections may be protected by U.S. copyright law (Title 17, U.S.C.). Use or reproduction of materials protected by copyright beyond that allowed by fair use (Title 17, U.S.C. § 107) requires permission from the copyright owners. The use or reproduction of some materials may also be restricted by terms of University of California gift or purchase agreements, privacy and publicity rights, or trademark law. Responsibility for determining rights status and permissibility of any use or reproduction rests exclusively with the researcher. To learn more or make inquiries, please see our permissions policies (https://www.lib.berkeley.edu/about/permissions-policies).</subfield>
  </datafield>
  <datafield tag="611" ind1=" " ind2=" ">
    <subfield code="a">Panama-Pacific International Exposition -- (1915 : San Francisco, Calif.) -- Pictorial works.</subfield>
  </datafield>
  <datafield tag="650" ind1=" " ind2=" ">
    <subfield code="a">Exhibitions -- California -- San Francisco -- Photographs.</subfield>
  </datafield>
  <datafield tag="852" ind1=" " ind2=" ">
    <subfield code="c">The Bancroft Library</subfield>
  </datafield>
  <datafield tag="856" ind1="4" ind2="1">
    <subfield code="u">http://www.oac.cdlib.org/findaid/ark:/13030/k6kk9kft</subfield>
    <subfield code="y">View collection guide</subfield>
  </datafield>
  <datafield tag="856" ind1="4" ind2=" ">
    <subfield code="9">13eaa6b7-2a3d-46a3-8cb3-0fee8ad9bc43</subfield>
    <subfield code="s">1672594</subfield>
    <subfield code="u">https://digicoll.lib.berkeley.edu/record/267066/files/cubanc_79_59_01260140a.jpg</subfield>
  </datafield>
  <datafield tag="901" ind1=" " ind2=" ">
    <subfield code="m">991009829009706532</subfield>
  </datafield>
  <datafield tag="901" ind1=" " ind2=" ">
    <subfield code="b">C091633625</subfield>
  </datafield>
  <datafield tag="902" ind1=" " ind2=" ">
    <subfield code="n">LEG</subfield>
    <subfield code="d">2023-03-05</subfield>
  </datafield>
  <datafield tag="909" ind1="C" ind2="O">
    <subfield code="o">oai:digicoll.lib.berkeley.edu:267066</subfield>
    <subfield code="p">pictman:cardinalvincent</subfield>
    <subfield code="p">sfg</subfield>
    <subfield code="q">mcleanCalisphere_oai</subfield>
  </datafield>
  <datafield tag="951" ind1=" " ind2=" ">
    <subfield code="a">ark:/13030/m5262qz2</subfield>
    <subfield code="b">Merritt</subfield>
  </datafield>
  <datafield tag="980" ind1=" " ind2=" ">
    <subfield code="a">Pictman: Cardinal-Vincent</subfield>
  </datafield>
  <datafield tag="982" ind1=" " ind2=" ">
    <subfield code="a">Cardinell-Vincent and Panama-Pacific Photographs</subfield>
  </datafield>
  <datafield tag="982" ind1=" " ind2=" ">
    <subfield code="b">Edward A. Rogers collection of Cardinell-Vincent Company and Panama-Pacific International Exposition photographs circa 1914-1925</subfield>
  </datafield>
</record>