
    <record>
  <controlfield tag="001">268545</controlfield>
  <controlfield tag="005">20250321052609.0</controlfield>
  <datafield tag="024" ind1="8" ind2="0">
    <subfield code="a">BANC PIC 2006.029--NNEG box 39, sleeve 090890_04</subfield>
  </datafield>
  <datafield tag="035" ind1=" " ind2=" ">
    <subfield code="a">examiner-090890_04</subfield>
  </datafield>
  <datafield tag="245" ind1=" " ind2=" ">
    <subfield code="a">Alligator</subfield>
  </datafield>
  <datafield tag="260" ind1=" " ind2=" ">
    <subfield code="c">1932-09-13</subfield>
  </datafield>
  <datafield tag="269" ind1=" " ind2=" ">
    <subfield code="a">1932-09-13</subfield>
  </datafield>
  <datafield tag="300" ind1=" " ind2=" ">
    <subfield code="a">2 photographs</subfield>
    <subfield code="b">film negatives</subfield>
  </datafield>
  <datafield tag="336" ind1=" " ind2=" ">
    <subfield code="a">Image</subfield>
  </datafield>
  <datafield tag="540" ind1=" " ind2=" ">
    <subfield code="a">Copyright to photographs taken by staff photographers of the San Francisco Examiner in this collection has been assigned to the University of California Regents. Only the photographs created by these staff photographers in this collection are made available under a Creative Commons Attribution 4.0 license (CC BY 4.0, CC BY 4.0 Deed | Attribution 4.0 International | Creative Commons ). The following attribution is required for all uses of these photographs: Fang family San Francisco examiner photograph archive © The Regents of the University of California, The Bancroft Library, University of California, Berkeley. This work is made available under a Creative Commons Attribution 4.0 license.</subfield>
  </datafield>
  <datafield tag="655" ind1=" " ind2=" ">
    <subfield code="a">News photographs -- California -- San Francisco Bay Area</subfield>
    <subfield code="2">aat</subfield>
  </datafield>
  <datafield tag="655" ind1=" " ind2=" ">
    <subfield code="a">Negatives</subfield>
    <subfield code="2">gmgpc</subfield>
  </datafield>
  <datafield tag="655" ind1=" " ind2=" ">
    <subfield code="a">Photographs</subfield>
    <subfield code="2">gmgpc</subfield>
  </datafield>
  <datafield tag="852" ind1=" " ind2=" ">
    <subfield code="c">The Bancroft Library</subfield>
  </datafield>
  <datafield tag="856" ind1="4" ind2="1">
    <subfield code="u">https://search.library.berkeley.edu/permalink/01UCS_BER/1thfj9n/alma991075017899706532</subfield>
    <subfield code="y">View library catalog record.</subfield>
  </datafield>
  <datafield tag="856" ind1="4" ind2="1">
    <subfield code="u">http://www.oac.cdlib.org/findaid/ark:/13030/hb6t1nb85b</subfield>
    <subfield code="y">View collection guide.</subfield>
  </datafield>
  <datafield tag="856" ind1="4" ind2=" ">
    <subfield code="y">sfex090890_04_01.tif</subfield>
    <subfield code="9">856ceca8-fe82-4140-948f-0500421e7b23</subfield>
    <subfield code="s">547342</subfield>
    <subfield code="u">https://digicoll.lib.berkeley.edu/record/268545/files/001-sfex090890_04_01.jpg</subfield>
  </datafield>
  <datafield tag="856" ind1="4" ind2=" ">
    <subfield code="y">sfex090890_04_00.tif</subfield>
    <subfield code="9">84f940c9-fd89-4e79-a641-4b17aef049cf</subfield>
    <subfield code="s">228949</subfield>
    <subfield code="u">https://digicoll.lib.berkeley.edu/record/268545/files/002-sfex090890_04_00.jpg</subfield>
  </datafield>
  <datafield tag="901" ind1=" " ind2=" ">
    <subfield code="m">991075017899706532</subfield>
  </datafield>
  <datafield tag="902" ind1=" " ind2=" ">
    <subfield code="d">2023-03-27</subfield>
    <subfield code="n">ADP</subfield>
    <subfield code="p">Examiner In-House Scans Boxes 34-42</subfield>
  </datafield>
  <datafield tag="909" ind1="C" ind2="O">
    <subfield code="o">oai:digicoll.lib.berkeley.edu:268545</subfield>
    <subfield code="p">sfexaminer</subfield>
    <subfield code="p">sfg</subfield>
  </datafield>
  <datafield tag="950" ind1=" " ind2=" ">
    <subfield code="a">Item: 090890_04</subfield>
    <subfield code="a">Scan Source: Scanned on an Epson Perfection V750 Pro desktop scanner, 2011-10-17</subfield>
  </datafield>
  <datafield tag="951" ind1=" " ind2=" ">
    <subfield code="a">ark:/13030/m58q6rdv</subfield>
    <subfield code="b">Merritt</subfield>
  </datafield>
  <datafield tag="980" ind1=" " ind2=" ">
    <subfield code="a">SFExaminer</subfield>
  </datafield>
  <datafield tag="982" ind1=" " ind2=" ">
    <subfield code="a">SF Examiner</subfield>
    <subfield code="b">Fang family San Francisco Examiner Photograph Archive Negative Files</subfield>
  </datafield>
</record>