
    <record>
  <controlfield tag="001">273891</controlfield>
  <controlfield tag="005">20250321054946.0</controlfield>
  <datafield tag="035" ind1=" " ind2=" ">
    <subfield code="a">(imap)01203</subfield>
  </datafield>
  <datafield tag="041" ind1=" " ind2=" ">
    <subfield code="a">eng</subfield>
  </datafield>
  <datafield tag="245" ind1=" " ind2=" ">
    <subfield code="a">Jamaica 1:125,000 ...</subfield>
    <subfield code="p">[Index]</subfield>
  </datafield>
  <datafield tag="246" ind1=" " ind2=" ">
    <subfield code="a">A.M.S. E621</subfield>
  </datafield>
  <datafield tag="250" ind1=" " ind2=" ">
    <subfield code="a">2nd ed., AMS 2.</subfield>
  </datafield>
  <datafield tag="255" ind1=" " ind2=" ">
    <subfield code="a">Scale 1:125,000 ;</subfield>
    <subfield code="b">polyconic projection</subfield>
    <subfield code="c">(W 078°30ʹ00ʺ--W 076°00ʹ00ʺ/N 18°35ʹ00ʺ--N 17°00ʹ00ʺ).</subfield>
  </datafield>
  <datafield tag="260" ind1=" " ind2=" ">
    <subfield code="a">Washington, D.C.</subfield>
    <subfield code="b">Army Map Service, Corp. of Engineers</subfield>
    <subfield code="c">1944-</subfield>
  </datafield>
  <datafield tag="269" ind1=" " ind2=" ">
    <subfield code="a">1944</subfield>
  </datafield>
  <datafield tag="300" ind1=" " ind2=" ">
    <subfield code="a">9 maps</subfield>
    <subfield code="b">color</subfield>
    <subfield code="c">52 x 43 cm or smaller.</subfield>
  </datafield>
  <datafield tag="336" ind1=" " ind2=" ">
    <subfield code="a">Map</subfield>
  </datafield>
  <datafield tag="490" ind1=" " ind2=" ">
    <subfield code="a">A.M.S. ; E621</subfield>
  </datafield>
  <datafield tag="500" ind1=" " ind2=" ">
    <subfield code="a">Complete in 9 sheets.</subfield>
  </datafield>
  <datafield tag="500" ind1=" " ind2=" ">
    <subfield code="a">"Polyconic."</subfield>
  </datafield>
  <datafield tag="500" ind1=" " ind2=" ">
    <subfield code="a">Military grid.</subfield>
  </datafield>
  <datafield tag="500" ind1=" " ind2=" ">
    <subfield code="a">Relief shown by hachures with spot heights in feet.</subfield>
  </datafield>
  <datafield tag="500" ind1=" " ind2=" ">
    <subfield code="a">Four classes of roads or trails are shown.</subfield>
  </datafield>
  <datafield tag="500" ind1=" " ind2=" ">
    <subfield code="a">Marginal map: Index to adjoining sheets.</subfield>
  </datafield>
  <datafield tag="505" ind1=" " ind2=" ">
    <subfield code="a">No. 1 -- Savanna La Mar, No. 2 -- Montego Bay, No. 3 -- St. Ann's Bay, No. 4 -- Port Maria, No. 5 --Manchioneal, No. 6 -- Alligator Pond Bay, No. 7 -- Four Paths, No. 8 -- Kingston, No. 9 -- Port Morant.</subfield>
  </datafield>
  <datafield tag="540" ind1=" " ind2=" ">
    <subfield code="a">Researchers may make free and open use of the UC Berkeley Library’s digitized public domain materials. However, some materials in our online collections may be protected by U.S. copyright law (Title 17, U.S.C.). Use or reproduction of materials protected by copyright beyond that allowed by fair use (Title 17, U.S.C. § 107) requires permission from the copyright owners. The use or reproduction of some materials may also be restricted by terms of University of California gift or purchase agreements, privacy and publicity rights, or trademark law. Responsibility for determining rights status and permissibility of any use or reproduction rests exclusively with the researcher. To learn more or make inquiries, please see our permissions policies (https://www.lib.berkeley.edu/about/permissions-policies).</subfield>
  </datafield>
  <datafield tag="651" ind1=" " ind2=" ">
    <subfield code="a">Jamaica Maps. </subfield>
  </datafield>
  <datafield tag="655" ind1=" " ind2=" ">
    <subfield code="a">topographic maps.</subfield>
    <subfield code="2">aat</subfield>
  </datafield>
  <datafield tag="655" ind1=" " ind2=" ">
    <subfield code="a">Topographic maps.</subfield>
    <subfield code="2">lcgft</subfield>
  </datafield>
  <datafield tag="655" ind1=" " ind2=" ">
    <subfield code="a">Cartes topographiques.</subfield>
    <subfield code="2">rvmgf</subfield>
  </datafield>
  <datafield tag="710" ind1="2" ind2=" ">
    <subfield code="a">United States. Army Map Service.</subfield>
  </datafield>
  <datafield tag="852" ind1=" " ind2=" ">
    <subfield code="c">Earth Sciences &amp; Map Library</subfield>
  </datafield>
  <datafield tag="856" ind1="4" ind2="1">
    <subfield code="u">https://search.library.berkeley.edu/discovery/fulldisplay?context=L&amp;vid=01UCS_BER:UCB&amp;docid=alma991007643019706532</subfield>
    <subfield code="y">View library catalog record.</subfield>
  </datafield>
  <datafield tag="856" ind1="4" ind2=" ">
    <subfield code="y">ams150081jamaica_Page_1.jpg</subfield>
    <subfield code="9">4e9f7857-d3f4-4a70-ad6f-878ed02f2fa1</subfield>
    <subfield code="s">9309406</subfield>
    <subfield code="u">https://digicoll.lib.berkeley.edu/record/273891/files/ams150081jamaica_Page_1.jpg</subfield>
  </datafield>
  <datafield tag="856" ind1="4" ind2=" ">
    <subfield code="y">ams150081jamaica_Page_2.jpg</subfield>
    <subfield code="9">5571a55d-ad79-4e74-8800-02dc7b729216</subfield>
    <subfield code="s">242816</subfield>
    <subfield code="u">https://digicoll.lib.berkeley.edu/record/273891/files/ams150081jamaica_Page_2.jpg</subfield>
  </datafield>
  <datafield tag="901" ind1=" " ind2=" ">
    <subfield code="m">991007643019706532</subfield>
  </datafield>
  <datafield tag="902" ind1=" " ind2=" ">
    <subfield code="d">2023-07-25</subfield>
    <subfield code="n">dz</subfield>
  </datafield>
  <datafield tag="903" ind1=" " ind2=" ">
    <subfield code="b">m</subfield>
  </datafield>
  <datafield tag="909" ind1="C" ind2="O">
    <subfield code="o">oai:digicoll.lib.berkeley.edu:273891</subfield>
    <subfield code="p">mapcollections</subfield>
    <subfield code="p">sfg</subfield>
  </datafield>
  <datafield tag="980" ind1=" " ind2=" ">
    <subfield code="a">Map Collections</subfield>
  </datafield>
  <datafield tag="982" ind1=" " ind2=" ">
    <subfield code="a">Index Maps</subfield>
    <subfield code="b">Index Maps</subfield>
  </datafield>
</record>