
    <record>
  <controlfield tag="001">280699</controlfield>
  <controlfield tag="005">20240801144137.0</controlfield>
  <datafield tag="035" ind1=" " ind2=" ">
    <subfield code="a">mrcmkv_991045157109706532</subfield>
  </datafield>
  <datafield tag="041" ind1=" " ind2=" ">
    <subfield code="a">eng</subfield>
  </datafield>
  <datafield tag="245" ind1=" " ind2=" ">
    <subfield code="a">The Disneyland anthology</subfield>
  </datafield>
  <datafield tag="250" ind1=" " ind2=" ">
    <subfield code="a">Digitally remastered version.</subfield>
  </datafield>
  <datafield tag="260" ind1=" " ind2=" ">
    <subfield code="a">Burbank, Calif.</subfield>
    <subfield code="b">Walt Disney Home Video</subfield>
    <subfield code="c">1999?</subfield>
  </datafield>
  <datafield tag="269" ind1=" " ind2=" ">
    <subfield code="a">1999</subfield>
  </datafield>
  <datafield tag="300" ind1=" " ind2=" ">
    <subfield code="a">3 videodiscs (315 min.)</subfield>
    <subfield code="b">sound, color and black and white</subfield>
    <subfield code="c">12 in.</subfield>
  </datafield>
  <datafield tag="336" ind1=" " ind2=" ">
    <subfield code="a">Video</subfield>
  </datafield>
  <datafield tag="500" ind1=" " ind2=" ">
    <subfield code="a">Videodisc release of episodes from the Disneyland television series originally produced between 1954 and 1957.</subfield>
  </datafield>
  <datafield tag="500" ind1=" " ind2=" ">
    <subfield code="a">Closed captioned for the hearing impaired.</subfield>
  </datafield>
  <datafield tag="505" ind1=" " ind2=" ">
    <subfield code="a">The Disneyland story (10/27/54) -- A Day in the life of Donald Duck (2/1/56) -- Along the Oregon trail (11/14/56) -- The Crisler story/Prowlers of the Everglades (2/17/57) -- Adventures in fantasy (11/6/57) -- Mars and beyond (12/4/57).</subfield>
  </datafield>
  <datafield tag="520" ind1=" " ind2=" ">
    <subfield code="a">Disneyland story: At the Disney Studios, Walt Disney gives a sneak peek of a model of then-under-construction Disneyland Park. Day in the life of Donald Duck: With a little help from Walt Disney, Jimmie Dodd and the Mouseketeers, go behind the scenes for a look at one adventurous day for Donald Duck. Along the Oregon Trail: A dramatization of life as it was 100 years ago with Fess Parker and Sebastian Cabot presenting the action. The Crisler Story/Prowlers of the Everglades: Travel with Herb and Lois Crisler in Alaska as they film the feature White Wilderness and then travel south to visit an alligator swamp. Adventures in fantasy: A journey into animation which reveals how ordinary things can be transformed into "living" characters. Mars and Beyond: Investigates and predicts in 1957 what man might find if he were to land on Mars</subfield>
  </datafield>
  <datafield tag="540" ind1=" " ind2=" ">
    <subfield code="a">Researchers may make free and open use of the UC Berkeley Library’s digitized public domain materials. However, some materials in our online collections may be protected by U.S. copyright law (Title 17, U.S.C.). Use or reproduction of materials protected by copyright beyond that allowed by fair use (Title 17, U.S.C. § 107) requires permission from the copyright owners. The use or reproduction of some materials may also be restricted by terms of University of California gift or purchase agreements, privacy and publicity rights, or trademark law. Responsibility for determining rights status and permissibility of any use or reproduction rests exclusively with the researcher. To learn more or make inquiries, please see our permissions policies (https://www.lib.berkeley.edu/about/permissions-policies).</subfield>
  </datafield>
  <datafield tag="630" ind1=" " ind2=" ">
    <subfield code="a">Disneyland (Television program)</subfield>
  </datafield>
  <datafield tag="630" ind1=" " ind2=" ">
    <subfield code="a">Mickey Mouse Club (Television program)</subfield>
  </datafield>
  <datafield tag="650" ind1=" " ind2=" ">
    <subfield code="a">Donald Duck (Fictitious character)</subfield>
  </datafield>
  <datafield tag="650" ind1=" " ind2=" ">
    <subfield code="a">Alligators.</subfield>
  </datafield>
  <datafield tag="650" ind1=" " ind2=" ">
    <subfield code="a">Animated films.</subfield>
  </datafield>
  <datafield tag="650" ind1=" " ind2=" ">
    <subfield code="a">Animation (Cinematography)</subfield>
  </datafield>
  <datafield tag="650" ind1=" " ind2=" ">
    <subfield code="a">Caricatures and cartoons.</subfield>
  </datafield>
  <datafield tag="650" ind1=" " ind2=" ">
    <subfield code="a">Animation (Cinéma)</subfield>
  </datafield>
  <datafield tag="650" ind1=" " ind2=" ">
    <subfield code="a">Caricatures et dessins humoristiques.</subfield>
  </datafield>
  <datafield tag="650" ind1=" " ind2=" ">
    <subfield code="a">animations (visual works)</subfield>
  </datafield>
  <datafield tag="650" ind1=" " ind2=" ">
    <subfield code="a">caricatures.</subfield>
  </datafield>
  <datafield tag="650" ind1=" " ind2=" ">
    <subfield code="a">cartoons (humorous images)</subfield>
  </datafield>
  <datafield tag="651" ind1=" " ind2=" ">
    <subfield code="a">Disneyland (Calif.) History. </subfield>
  </datafield>
  <datafield tag="651" ind1=" " ind2=" ">
    <subfield code="a">Everglades (Fla.)</subfield>
  </datafield>
  <datafield tag="651" ind1=" " ind2=" ">
    <subfield code="a">Mars (Planet) Exploration -- Forecasting. </subfield>
  </datafield>
  <datafield tag="651" ind1=" " ind2=" ">
    <subfield code="a">Disneyland (Calif.) Histoire. </subfield>
  </datafield>
  <datafield tag="651" ind1=" " ind2=" ">
    <subfield code="a">Everglades (Flor.)</subfield>
  </datafield>
  <datafield tag="651" ind1=" " ind2=" ">
    <subfield code="a">Mars (Planète) Exploration -- Prévision. </subfield>
  </datafield>
  <datafield tag="700" ind1="1" ind2=" ">
    <subfield code="a">Disney, Walt, 1901-1966.</subfield>
  </datafield>
  <datafield tag="700" ind1="1" ind2=" ">
    <subfield code="a">Dodd, Jimmie, 1910-1964.</subfield>
  </datafield>
  <datafield tag="700" ind1="1" ind2=" ">
    <subfield code="a">Parker, Fess.</subfield>
  </datafield>
  <datafield tag="700" ind1="1" ind2=" ">
    <subfield code="a">Cabot, Sebastian.</subfield>
  </datafield>
  <datafield tag="700" ind1="1" ind2=" ">
    <subfield code="a">Crisler, Herb.</subfield>
  </datafield>
  <datafield tag="700" ind1="1" ind2=" ">
    <subfield code="a">Crisler, Lois.</subfield>
  </datafield>
  <datafield tag="710" ind1="2" ind2=" ">
    <subfield code="a">Walt Disney Company.</subfield>
  </datafield>
  <datafield tag="710" ind1="2" ind2=" ">
    <subfield code="a">Walt Disney Home Video (Firm)</subfield>
  </datafield>
  <datafield tag="852" ind1=" " ind2=" ">
    <subfield code="c">The Library</subfield>
  </datafield>
  <datafield tag="856" ind1="4" ind2="1">
    <subfield code="u">https://search.library.berkeley.edu/discovery/fulldisplay?context=L&amp;vid=01UCS_BER:UCB&amp;docid=alma991045157109706532</subfield>
    <subfield code="y">View library catalog record.</subfield>
  </datafield>
  <datafield tag="901" ind1=" " ind2=" ">
    <subfield code="m">991045157109706532</subfield>
  </datafield>
  <datafield tag="902" ind1=" " ind2=" ">
    <subfield code="d">2024-01-12</subfield>
    <subfield code="n">dz</subfield>
  </datafield>
  <datafield tag="903" ind1=" " ind2=" ">
    <subfield code="b">m</subfield>
  </datafield>
  <datafield tag="951" ind1=" " ind2=" ">
    <subfield code="a">ark:/13030/m5dp57d5</subfield>
    <subfield code="b">Merritt</subfield>
  </datafield>
  <datafield tag="980" ind1=" " ind2=" ">
    <subfield code="a">mrcmkv</subfield>
  </datafield>
  <datafield tag="982" ind1=" " ind2=" ">
    <subfield code="a">MRC MKV</subfield>
    <subfield code="b">Media Resource Center MKV</subfield>
  </datafield>
  <datafield tag="991" ind1=" " ind2=" ">
    <subfield code="a">Restricted2Admin</subfield>
  </datafield>
  <datafield tag="998" ind1=" " ind2=" ">
    <subfield code="g">DVD9953_AdventuresInFantasy.mkv</subfield>
    <subfield code="g">DVD9953_AlongTheOregonTrail.mkv</subfield>
  </datafield>
</record>