
    <record>
  <controlfield tag="001">285094</controlfield>
  <controlfield tag="005">20240801145149.0</controlfield>
  <datafield tag="035" ind1=" " ind2=" ">
    <subfield code="a">mrcmkv_991004380659706532</subfield>
  </datafield>
  <datafield tag="041" ind1=" " ind2=" ">
    <subfield code="a">eng</subfield>
  </datafield>
  <datafield tag="245" ind1=" " ind2=" ">
    <subfield code="a">Sesame Street.</subfield>
    <subfield code="b">1969-1974</subfield>
    <subfield code="p">Volume 1 Old school.</subfield>
  </datafield>
  <datafield tag="246" ind1=" " ind2=" ">
    <subfield code="a">Old school, 1969-1974</subfield>
  </datafield>
  <datafield tag="246" ind1=" " ind2=" ">
    <subfield code="a">123 Sesame Street Old school</subfield>
  </datafield>
  <datafield tag="260" ind1=" " ind2=" ">
    <subfield code="a">New York, NY</subfield>
    <subfield code="b">Sesame Workshop</subfield>
    <subfield code="b">Distributed by Sony Wonder</subfield>
    <subfield code="c">©2006.</subfield>
  </datafield>
  <datafield tag="269" ind1=" " ind2=" ">
    <subfield code="a">2006</subfield>
  </datafield>
  <datafield tag="300" ind1=" " ind2=" ">
    <subfield code="a">3 videodiscs (approximately 440 min.)</subfield>
    <subfield code="b">sound, color</subfield>
    <subfield code="c">4 3/4 in. +</subfield>
  </datafield>
  <datafield tag="336" ind1=" " ind2=" ">
    <subfield code="a">Video</subfield>
  </datafield>
  <datafield tag="500" ind1=" " ind2=" ">
    <subfield code="a">Originally produced as episodes of the television show Sesame Street from 1969-1973.</subfield>
  </datafield>
  <datafield tag="500" ind1=" " ind2=" ">
    <subfield code="a">Special features: Disc 1. Season 1. Bein' green; Rubber duckie; Counting with James Earl Jones; ABC-DEF-GHI; I love trash; Alphabet with Jackie Robinson; Batman crosses the street; Swinging baboon; Big Bird meets Little Bird; Alphabet with Lou Rawls; I've got two; Alphabet soup; Original sales pitch: The itty-bitty nitty-gritty kiddie show; Season 1 credit crawl -- Disc 2. Season 2. King of eight; Over, under, around and through; Superman; Astronaut drawing; Counting with Listen My Brother; I love being a pig; Season 2 credit crawl. Season 3. C is for cookie; Ladybug picnic; Martians telephone; Amazing Mumford magic trick; Alligator king; J friends; A special day with Bert and Ernie; "I am somebody" with Jesse Jackson; Would you like to buy an 'O'?; Harvey Kneeslapper with Mirror; Breathing song with Animals; I in the sky; My favorite letter P; My martian beauty; Mad painter; Season 3 credit crawl -- Disc 3. Season 4. Kermit's news with Rapunzel; Bread, milk, and butter; Lost paper clips with Bert and Jon-Jon; Witches cooperate; Song of the count; Bert's bust; First and last with Beetle Bailey; Season 4 credit crawl. Season 5. At the movies with Bert and Ernie; Nasty Dan with Johnny Cash; Prairie Dawn's school pageant; Twiddlebugs go to the zoo; Jazz alphabet; Hamburger bun factory; Madrigal alphabet; 3 wishes with Bob and Cookie; Telephone booth with Super Grover; Season 5 credit crawl.</subfield>
  </datafield>
  <datafield tag="505" ind1=" " ind2=" ">
    <subfield code="a">Disc 1. Season 1 (57 min.); Bonus features: Original sales pitch reel (26 min.); Season 1 classic cuts (25 min.) -- Disc 2. Seaon 2 (60 min.) -- Season 3 (60 min.); Bonus features: Season 2 classic cuts (13 min.); Season 3 classic cuts (25 min.) -- Disc 3. Seaon 4 (60 min.) -- Season 5 (60 min.); Bonus features: Season 4 classic cuts (16 min.); Season 5classic cuts (30 min.). Show 1 : November 10, 1969 Show 131 : November 9, 1970 Show 276 : November 8, 1971 Show 406 : November 27, 1972 Show 536 : November 19, 1973</subfield>
  </datafield>
  <datafield tag="505" ind1=" " ind2=" ">
    <subfield code="a">Disc 1. Season 1, episode 1 (11/10/69): Animals wash off with Bert and Ernie ; Henson #3 ; Meeting Oscar ; Gordon dresses anything Muppets ; Jazz #2 ; Wanda the witch ; Kermit with Walking W ; Picture-hanging buddies ; Beginnings -- Disc 2. Season 2, episode 131 (11/9/70): Henson dollhouse ; Everybody makes mistakes ; Alphabet with Bill Cosby ; Exit animation ; Noisy bedroom with Bert and Ernie ; Carol Burnett's nose ; What's my part? with Guy Smiley ; Whistle a happy tune ; The case of the missing sandwich -- Season 3, episode 276 (11/8/71): Welcome to Sesame Street ; Oscar's traveling can ; Grover's restaurant ; Big Bird meets Snuffleupagus ; Great cookie thief ; Sorting song ; People in your neighborhood ; Short and long ladders ; Ernie counts sheep -- Disc 3. Season 4, episode 406 (11/27/72): Sesame Street alphabet ; Alphabet with Ernie and Cookie Monster ; Simon's song ; Job interview ; Count counts Ernie's blocks ; Heavy and light with Grover ; Here is your life, Oak Tree ; Enter and exit ; Grover's restaurant -- Season 5, episode 536 (11/19/73): Fat cat ; Kermit and Joey do the alphabet ; At the movies ; Bird on me ; How do you do? ; Chin-ups with Grover ; Beat the time ; Handclapping number ; Doin' the pigeon.</subfield>
  </datafield>
  <datafield tag="520" ind1=" " ind2=" ">
    <subfield code="a">This three-disc set the season features the premiere episodes of each of the first five seasons of Sesame Street. Each is available as a complete episode or as highlights, and is preceded by a new animated introduction, and by a disclaimer that "these early Sesame Street episodes are intended for grownups and may not suit the needs of today's preschool child." There are four slight alterations to the episodes because of rights issues, which are otherwise complete as originally aired. Episodes include Show 1 that aired on November 10, 1969; Show 131, airdate November 9, 1970; Show 276 from November 8, 1971; Show 406 on November 27, 1972, and Show 536 from November 19, 1973.</subfield>
  </datafield>
  <datafield tag="540" ind1=" " ind2=" ">
    <subfield code="a">Researchers may make free and open use of the UC Berkeley Library’s digitized public domain materials. However, some materials in our online collections may be protected by U.S. copyright law (Title 17, U.S.C.). Use or reproduction of materials protected by copyright beyond that allowed by fair use (Title 17, U.S.C. § 107) requires permission from the copyright owners. The use or reproduction of some materials may also be restricted by terms of University of California gift or purchase agreements, privacy and publicity rights, or trademark law. Responsibility for determining rights status and permissibility of any use or reproduction rests exclusively with the researcher. To learn more or make inquiries, please see our permissions policies (https://www.lib.berkeley.edu/about/permissions-policies).</subfield>
  </datafield>
  <datafield tag="600" ind1=" " ind2=" ">
    <subfield code="a">Bert (Fictitious character from Henson) Juvenile films. </subfield>
  </datafield>
  <datafield tag="600" ind1=" " ind2=" ">
    <subfield code="a">Cookie Monster (Fictitious character) Juvenile films. </subfield>
  </datafield>
  <datafield tag="600" ind1=" " ind2=" ">
    <subfield code="a">Grover (Fictitious character) Juvenile films. </subfield>
  </datafield>
  <datafield tag="630" ind1=" " ind2=" ">
    <subfield code="a">Sesame Street (Television program) Juvenile films. </subfield>
  </datafield>
  <datafield tag="650" ind1=" " ind2=" ">
    <subfield code="a">Alphabet Juvenile films. </subfield>
  </datafield>
  <datafield tag="650" ind1=" " ind2=" ">
    <subfield code="a">Counting Juvenile films. </subfield>
  </datafield>
  <datafield tag="650" ind1=" " ind2=" ">
    <subfield code="a">Reading readiness Juvenile films. </subfield>
  </datafield>
  <datafield tag="650" ind1=" " ind2=" ">
    <subfield code="a">Mathematical readiness Juvenile films. </subfield>
  </datafield>
  <datafield tag="650" ind1=" " ind2=" ">
    <subfield code="a">Children's songs Juvenile films. </subfield>
  </datafield>
  <datafield tag="650" ind1=" " ind2=" ">
    <subfield code="a">Concepts in children Juvenile films. </subfield>
  </datafield>
  <datafield tag="650" ind1=" " ind2=" ">
    <subfield code="a">Muppets (Fictitious characters) Juvenile films. </subfield>
  </datafield>
  <datafield tag="650" ind1=" " ind2=" ">
    <subfield code="a">Big Bird (Fictitious character) Juvenile films. </subfield>
  </datafield>
  <datafield tag="650" ind1=" " ind2=" ">
    <subfield code="a">Ernie (Fictitious character : Henson) Juvenile films. </subfield>
  </datafield>
  <datafield tag="650" ind1=" " ind2=" ">
    <subfield code="a">Alphabet.</subfield>
  </datafield>
  <datafield tag="650" ind1=" " ind2=" ">
    <subfield code="a">Counting.</subfield>
  </datafield>
  <datafield tag="650" ind1=" " ind2=" ">
    <subfield code="a">Big Bird (Fictitious character) Drama. </subfield>
  </datafield>
  <datafield tag="650" ind1=" " ind2=" ">
    <subfield code="a">Cookie Monster (Fictitious character) Drama. </subfield>
  </datafield>
  <datafield tag="650" ind1=" " ind2=" ">
    <subfield code="a">Grover (Fictitious character : Henson) Drama. </subfield>
  </datafield>
  <datafield tag="650" ind1=" " ind2=" ">
    <subfield code="a">Alphabet Films pour la jeunesse. </subfield>
  </datafield>
  <datafield tag="650" ind1=" " ind2=" ">
    <subfield code="a">Calcul Films pour la jeunesse. </subfield>
  </datafield>
  <datafield tag="650" ind1=" " ind2=" ">
    <subfield code="a">Lecture, Maturité pour la Films pour la jeunesse. </subfield>
  </datafield>
  <datafield tag="650" ind1=" " ind2=" ">
    <subfield code="a">Mathématiques, Maturité pour les Films pour la jeunesse. </subfield>
  </datafield>
  <datafield tag="650" ind1=" " ind2=" ">
    <subfield code="a">Chansons enfantines Films pour la jeunesse. </subfield>
  </datafield>
  <datafield tag="650" ind1=" " ind2=" ">
    <subfield code="a">Concepts chez l'enfant Films pour la jeunesse. </subfield>
  </datafield>
  <datafield tag="650" ind1=" " ind2=" ">
    <subfield code="a">Muppets (Personnages fictifs) Films pour la jeunesse. </subfield>
  </datafield>
  <datafield tag="655" ind1=" " ind2=" ">
    <subfield code="a">Television programs.</subfield>
  </datafield>
  <datafield tag="655" ind1=" " ind2=" ">
    <subfield code="a">Children's television programs.</subfield>
  </datafield>
  <datafield tag="655" ind1=" " ind2=" ">
    <subfield code="a">Educational television programs.</subfield>
  </datafield>
  <datafield tag="655" ind1=" " ind2=" ">
    <subfield code="a">Puppet television programs.</subfield>
  </datafield>
  <datafield tag="655" ind1=" " ind2=" ">
    <subfield code="a">Television series.</subfield>
  </datafield>
  <datafield tag="655" ind1=" " ind2=" ">
    <subfield code="a">Children's Television series. </subfield>
  </datafield>
  <datafield tag="655" ind1=" " ind2=" ">
    <subfield code="a">Television serials.</subfield>
    <subfield code="2">gsafd</subfield>
  </datafield>
  <datafield tag="655" ind1=" " ind2=" ">
    <subfield code="a">Television programs.</subfield>
    <subfield code="2">lcgft</subfield>
  </datafield>
  <datafield tag="655" ind1=" " ind2=" ">
    <subfield code="a">Children's television programs.</subfield>
    <subfield code="2">lcgft</subfield>
  </datafield>
  <datafield tag="655" ind1=" " ind2=" ">
    <subfield code="a">Educational television programs.</subfield>
    <subfield code="2">lcgft</subfield>
  </datafield>
  <datafield tag="655" ind1=" " ind2=" ">
    <subfield code="a">Puppet television programs.</subfield>
    <subfield code="2">lcgft</subfield>
  </datafield>
  <datafield tag="655" ind1=" " ind2=" ">
    <subfield code="a">Television series.</subfield>
    <subfield code="2">lcgft</subfield>
  </datafield>
  <datafield tag="655" ind1=" " ind2=" ">
    <subfield code="a">Animated television programs.</subfield>
    <subfield code="2">lcgft</subfield>
  </datafield>
  <datafield tag="655" ind1=" " ind2=" ">
    <subfield code="a">Children's.</subfield>
    <subfield code="2">migfg</subfield>
  </datafield>
  <datafield tag="655" ind1=" " ind2=" ">
    <subfield code="a">Educational.</subfield>
    <subfield code="2">migfg</subfield>
  </datafield>
  <datafield tag="655" ind1=" " ind2=" ">
    <subfield code="a">Émissions télévisées.</subfield>
    <subfield code="2">rvmgf</subfield>
  </datafield>
  <datafield tag="655" ind1=" " ind2=" ">
    <subfield code="a">Émissions télévisées pour enfants.</subfield>
    <subfield code="2">rvmgf</subfield>
  </datafield>
  <datafield tag="655" ind1=" " ind2=" ">
    <subfield code="a">Émissions éducatives télévisées.</subfield>
    <subfield code="2">rvmgf</subfield>
  </datafield>
  <datafield tag="655" ind1=" " ind2=" ">
    <subfield code="a">Émissions de marionnettes télévisées.</subfield>
    <subfield code="2">rvmgf</subfield>
  </datafield>
  <datafield tag="655" ind1=" " ind2=" ">
    <subfield code="a">Séries télévisées.</subfield>
    <subfield code="2">rvmgf</subfield>
  </datafield>
  <datafield tag="700" ind1="1" ind2=" ">
    <subfield code="a">Nosek, Dionne.</subfield>
  </datafield>
  <datafield tag="700" ind1="1" ind2=" ">
    <subfield code="a">Marianetti, Robert.</subfield>
  </datafield>
  <datafield tag="700" ind1="1" ind2=" ">
    <subfield code="a">Wachtenheim, David.</subfield>
  </datafield>
  <datafield tag="700" ind1="1" ind2=" ">
    <subfield code="a">Henson, Jim.</subfield>
  </datafield>
  <datafield tag="700" ind1="1" ind2=" ">
    <subfield code="a">Oz, Frank.</subfield>
  </datafield>
  <datafield tag="700" ind1="1" ind2=" ">
    <subfield code="a">Spinney, Caroll.</subfield>
  </datafield>
  <datafield tag="700" ind1="1" ind2=" ">
    <subfield code="a">Brill, Fran.</subfield>
  </datafield>
  <datafield tag="700" ind1="1" ind2=" ">
    <subfield code="a">Nelson, Jerry, 1934-2012.</subfield>
  </datafield>
  <datafield tag="700" ind1="1" ind2=" ">
    <subfield code="a">Hunt, Richard, 1951-1992.</subfield>
  </datafield>
  <datafield tag="700" ind1="1" ind2=" ">
    <subfield code="a">Long, Loretta.</subfield>
  </datafield>
  <datafield tag="700" ind1="1" ind2=" ">
    <subfield code="a">Lee, Will, 1908-1982.</subfield>
  </datafield>
  <datafield tag="700" ind1="1" ind2=" ">
    <subfield code="a">McGrath, Bob, 1932-2022.</subfield>
  </datafield>
  <datafield tag="700" ind1="1" ind2=" ">
    <subfield code="a">Manzano, Sonia.</subfield>
  </datafield>
  <datafield tag="700" ind1="1" ind2=" ">
    <subfield code="a">Delgado, Emilio.</subfield>
  </datafield>
  <datafield tag="700" ind1="1" ind2=" ">
    <subfield code="a">Calloway, Northern.</subfield>
  </datafield>
  <datafield tag="700" ind1="1" ind2=" ">
    <subfield code="a">Maggert, Brandon.</subfield>
  </datafield>
  <datafield tag="700" ind1="1" ind2=" ">
    <subfield code="a">Gómez, Panchito.</subfield>
  </datafield>
  <datafield tag="700" ind1="1" ind2=" ">
    <subfield code="a">Rae, Charlotte, 1926-2018.</subfield>
  </datafield>
  <datafield tag="700" ind1="1" ind2=" ">
    <subfield code="a">Julia, Raul.</subfield>
  </datafield>
  <datafield tag="700" ind1="1" ind2=" ">
    <subfield code="a">Reynolds, Malvina.</subfield>
  </datafield>
  <datafield tag="710" ind1="2" ind2=" ">
    <subfield code="a">Children's Television Workshop.</subfield>
  </datafield>
  <datafield tag="710" ind1="2" ind2=" ">
    <subfield code="a">Sesame Workshop.</subfield>
  </datafield>
  <datafield tag="710" ind1="2" ind2=" ">
    <subfield code="a">Sony Wonder (Firm)</subfield>
  </datafield>
  <datafield tag="852" ind1=" " ind2=" ">
    <subfield code="c">The Library</subfield>
  </datafield>
  <datafield tag="856" ind1="4" ind2="1">
    <subfield code="u">https://search.library.berkeley.edu/discovery/fulldisplay?context=L&amp;vid=01UCS_BER:UCB&amp;docid=alma991004380659706532</subfield>
    <subfield code="y">View library catalog record.</subfield>
  </datafield>
  <datafield tag="901" ind1=" " ind2=" ">
    <subfield code="m">991004380659706532</subfield>
  </datafield>
  <datafield tag="902" ind1=" " ind2=" ">
    <subfield code="d">2024-05-10</subfield>
    <subfield code="n">DZ</subfield>
  </datafield>
  <datafield tag="903" ind1=" " ind2=" ">
    <subfield code="b">m</subfield>
  </datafield>
  <datafield tag="951" ind1=" " ind2=" ">
    <subfield code="a">ark:/13030/m59h6tz3</subfield>
    <subfield code="b">Merritt</subfield>
  </datafield>
  <datafield tag="980" ind1=" " ind2=" ">
    <subfield code="a">mrcmkv</subfield>
  </datafield>
  <datafield tag="982" ind1=" " ind2=" ">
    <subfield code="a">MRC MKV</subfield>
    <subfield code="b">Media Resource Center MKV</subfield>
  </datafield>
  <datafield tag="991" ind1=" " ind2=" ">
    <subfield code="a">Restricted2Admin</subfield>
  </datafield>
  <datafield tag="998" ind1=" " ind2=" ">
    <subfield code="t">D1</subfield>
    <subfield code="g">DVD6798_SesameStreetOldSchoolD1.mkv</subfield>
    <subfield code="t">D2E1</subfield>
    <subfield code="g">DVD6798_SesameStreetOldSchoolD2E1.mkv</subfield>
    <subfield code="t">D2E2</subfield>
    <subfield code="g">DVD6798_SesameStreetOldSchoolD2E2.mkv</subfield>
    <subfield code="t">D2E3</subfield>
    <subfield code="g">DVD6798_SesameStreetOldSchoolD2E3.mkv</subfield>
    <subfield code="t">D2E4</subfield>
    <subfield code="g">DVD6798_SesameStreetOldSchoolD2E4.mkv</subfield>
    <subfield code="t">D3E1</subfield>
    <subfield code="g">DVD6798_SesameStreetOldSchoolD3E1.mkv</subfield>
    <subfield code="t">D3E2</subfield>
    <subfield code="g">DVD6798_SesameStreetOldSchoolD3E2.mkv</subfield>
    <subfield code="t">D3E3</subfield>
    <subfield code="g">DVD6798_SesameStreetOldSchoolD3E3.mkv</subfield>
    <subfield code="t">D3E4</subfield>
    <subfield code="g">DVD6798_SesameStreetOldSchoolD3E4.mkv</subfield>
  </datafield>
</record>
  </collection>
</response>
